001  0000208
005  20170720165523.660
008  170720s||||     bl|||||||||||||||||por|u
020    $a9788501089007
040    $aPorto Alegre$bpor
090    $bC325f$c2 ed.
100 1  $aCarvalho, Marco
245 10 $aFeijoada no paraíso$bA saga de besouro, o capoeira$cMarco Carvalho
260    $aRio de Janeiro$bRecord$c2009
300    $a158 p.
490 0  $v2 ed.
